<record><leader>00000cas a22000007a 4500</leader><controlfield tag="001">17734677</controlfield><controlfield tag="008">880405d19531954lauwr ne      0    0eng d</controlfield><datafield ind1=" " ind2=" " tag="010"><subfield code="a">sn 88064271 </subfield></datafield><datafield ind1=" " ind2=" " tag="040"><subfield code="a">LNP</subfield><subfield code="b">eng</subfield><subfield code="c">LNP</subfield><subfield code="d">OCLCQ</subfield></datafield><datafield ind1=" " ind2=" " tag="042"><subfield code="a">msc</subfield></datafield><datafield ind1="0" ind2=" " tag="130"><subfield code="a">Minden herald (Minden, La. : 1953)</subfield></datafield><datafield ind1="1" ind2="4" tag="245"><subfield code="a">The Minden herald.</subfield></datafield><datafield ind1=" " ind2=" " tag="260"><subfield code="a">Minden, La. :</subfield><subfield code="b">Webster Print. Co.</subfield></datafield><datafield ind1=" " ind2=" " tag="310"><subfield code="a">Weekly</subfield></datafield><datafield ind1="0" ind2=" " tag="362"><subfield code="a">Vol. 26, no. 15 (Jan. 16, 1953)-v. 27, no. 52 (Oct. 1, 1954.).</subfield></datafield><datafield ind1=" " ind2=" " tag="752"><subfield code="a">United States</subfield><subfield code="b">Louisiana</subfield><subfield code="c">Webster</subfield><subfield code="d">Minden.</subfield></datafield><datafield ind1="0" ind2="0" tag="780"><subfield code="t">Minden herald and the Webster news</subfield><subfield code="w">(DLC)sn 88064283</subfield></datafield><datafield ind1="0" ind2="7" tag="785"><subfield code="t">Webster review the signal-tribune</subfield><subfield code="w">(DLC)sn 88064267</subfield></datafield><datafield ind1="0" ind2="7" tag="785"><subfield code="t">Minden herald and Webster review</subfield><subfield code="w">(DLC)sn 88064272</subfield></datafield></record>